@misc{devlin2019bert,
      title={BERT: Pre-training of Deep Bidirectional Transformers for Language Understanding}, 
      author={Jacob Devlin and Ming-Wei Chang and Kenton Lee and Kristina Toutanova},
      year={2019},
      eprint={1810.04805},
      archivePrefix={arXiv},
      primaryClass={cs.CL}
}
@article{ArticleExample,
author = {M{\'{e}}tivier, Jean-Philippe and Lepailleur, Alban and Buzmakov, Aleksey and Poezevara, Guillaume and Cr{\'{e}}milleux, Bruno and Kuznetsov, Sergei and {Le Goff}, J{\'{e}}r{\'{e}}mie and Napoli, Am{\'{e}}d{\'{e}}o and Bureau, Ronan and Cuissart, Bertrand},
title = {{Discovering structural alerts for mutagenicity using stable emerging molecular patterns}},
journal = {Journal of Chemical Information and Modeling},
number = {5},
pages = {925--940},
publisher = {American Chemical Society},
volume = {55},
year = {2015}
}


@inproceedings{ConferencePaperExample,
address = {New Orlean, LA, USA},
author = {Buzmakov, A and Kuznetsov, S O and Napoli, A},
title = {{Efficient Mining of Subsample-Stable Graph Patterns}},
booktitle = {2017 IEEE International Conference on Data Mining (ICDM)},
pages = {757--762},
year = {2017}
}

@online{HSEDocuments,
  author = {{Кафедра ИТБ НИУ ВШЭ-Пермь}},
  title = {Курсовые работы и ВКР},
  year = 2019,
  url = {https://perm.hse.ru/ba/se/course},
  urldate = {2018-09-30}
}
