@misc{devlin2019bert,
      title={BERT: Pre-training of Deep Bidirectional Transformers for Language Understanding}, 
      author={Jacob Devlin and Ming-Wei Chang and Kenton Lee and Kristina Toutanova},
      year={2019},
      eprint={1810.04805},
      archivePrefix={arXiv},
      primaryClass={cs.CL}
}

@misc{miller2019leveraging,
	title={Leveraging BERT for Extractive Text Summarization on Lectures}, 
	author={Derek Miller},
	year={2019},
	eprint={1906.04165},
	archivePrefix={arXiv},
	primaryClass={cs.CL}
}

@misc{kuratov2019adaptation,
	title={Adaptation of Deep Bidirectional Multilingual Transformers for Russian Language}, 
	author={Yuri Kuratov and Mikhail Arkhipov},
	year={2019},
	eprint={1905.07213},
	archivePrefix={arXiv},
	primaryClass={cs.CL}
}

@online{HSEDocuments,
	author = {{Кафедра ИТБ НИУ ВШЭ-Пермь}},
	title = {Правила написания и оформления курсовых работ студентов основной образовательной программы бакалавриата «Программная инженерия» по направлению подготовки 09.03.04 Программная инженерия},
	year = 2020,
	url = {https://www.hse.ru/data/2020/12/10/1356616064/%D0%9F%D1%80%D0%B0%D0%B2%D0%B8%D0%BB%D0%B0%20%D0%BF%D0%BE%D0%B4%D0%B3%D0%BE%D1%82%D0%BE%D0%B2%D0%BA%D0%B8%20%D0%9A%D0%A0%20%D0%9F%D0%98%20(11.2020).pdf},
	urldate = {2021-03-25}
}
@misc{das2018improved,
	title={An Improved Text Sentiment Classification Model Using TF-IDF and Next Word Negation}, 
	author={Bijoyan Das and Sarit Chakraborty},
	year={2018},
	eprint={1806.06407},
	archivePrefix={arXiv},
	primaryClass={cs.CL}
}